@book{Kurose:2012:CNT:2584507,
 author = {Kurose, James F. and Ross, Keith W.},
 title = {Computer Networking: A Top-Down Approach (6th Edition)},
 year = {2012},
 isbn = {0132856204, 9780132856201},
 edition = {6th},
 publisher = {Pearson},
}

@misc{bworld,
  author = {Thiago Cavalcanti P\'ovoa},
  title = {{Utiliza\c{c}\~ao do Protocolo OSPF em uma Rede de Enlaces de R\'adio}},
  howpublished = "\url{https://webpovoa.com/camada-de-enlace-ospf/}",
  year = {2016},
  note = "[Online; accessed 02-July-2018]"
}

@misc{Cisco,
  title = {{Guia de projeto de OSPF}},
  howpublished = "\url{https://www.cisco.com/c/pt_br/support/docs/ip/open-shortest-path-first-ospf/7039-1.html}",
  year = {2005},
  note = "[Online; accessed 02-July-2018]"
}

@misc{Teleco,
  title = {{Redes IP I: Protocolos de Roteamento}},
  howpublished = "\url{http://www.teleco.com.br/tutoriais/tutorialredeipec1/pagina_4.asp}",
  year = {2005},
  note = "[Online; accessed 02-July-2018]"
}

@book{Jailton.Waldeck,
 author = {Jailton S. das Neves, Waldeck R. Torres},
 title = {O Protocolo OSPF},
 publisher = {Pearson},
}

@misc{Alex,
  author = {Alex Soares de Moura},
  title = {{Roteamento: O que \'e Importante Saber}},
  howpublished = "\url{https://memoria.rnp.br/newsgen/9705/n1-1.html}",
  year = {1997},
  note = "[Online; accessed 02-July-2018]"
}

@misc{Frederico,
  author = {Frederico Madeira},
  title = {{BGP - Border Gateway Protocol}},
  howpublished = "\url{http://www.madeira.eng.br/wiki/index.php?page=BGP+-+Border+Gateway+Protocol}",
  year = {2008},
  note = "[Online; accessed 03-July-2018]"
}

@misc{Juniper,
  title = {{Understanding Internal BGP Peering Sessions}},
  howpublished = "\url{https://www.juniper.net/documentation/en_US/junos/topics/concept/bgp-ibgp-understanding.html}",
  year = {2017},
  note = "[Online; accessed 03-July-2018]"
}

@misc{RFC,
  author = {Bates, Chen, and R. Chandra},
  title = {{BGP Route Reflection: An Alternative to Full Mesh Internal BGP (IBGP)}},
  howpublished = "\url{https://www.rfc-editor.org/rfc/rfc4456.txt}",
  year = {2006},
  note = "[Online; accessed 03-July-2018]"
}

@misc{BIRD,
  title = {{BIRD: Internet routing deamon}},
  howpublished = "\url{http://bird.network.cz}",
  year = {2018},
  note = "[Online; accessed 03-July-2018]"
}

@misc{BGPBestPath,
  author = {David Davis},
  title = {{Understand how the BGP Best Path Selection Algorithm works on your router}},
  howpublished = "\url{https://www.techrepublic.com/blog/data-center/understand-how-the-bgp-best-path-selection-algorithm-works-on-your-router/}",
  year = {2009},
  note = "[Online; accessed 04-July-2018]"
}

@article{Caesar,
 author = {Caesar, M. and Rexford, J.},
 title = {BGP Routing Policies in ISP Networks},
 journal = {Netwrk. Mag. of Global Internetwkg.},
 issue_date = {November 2005},
 volume = {19},
 number = {6},
 month = nov,
 year = {2005},
 issn = {0890-8044},
 pages = {5--11},
 numpages = {7},
 url = {https://doi.org/10.1109/MNET.2005.1541715},
 doi = {10.1109/MNET.2005.1541715},
 acmid = {2329744},
 publisher = {IEEE Press},
 address = {Piscataway, NJ, USA},
} 

@misc{RFC1997,
  author = {Chandra, R., Traina, P., T. Li,},
  title = {{BGP Communities Attribute}},
  howpublished = "\url{https://tools.ietf.org/html/rfc1997}",
  year = {1996},
  note = "[Online; accessed 04-July-2018]"
}

@misc{Roteamento,
  author = {Cristina Cruz},
  title = {{Roteamento: conceito, tipos e como melhorar a performance}},
  howpublished = "\url{https://blog.algartelecom.com.br/tecnologia/roteamento-conceito-tipos-e-como-melhorar-a-performance/}",
  year = {2010},
  note = "[Online; accessed 04-July-2018]"
}

@misc{EscalandoBGP,
  author = {Daniel Vieceli},
  title = {{Escalando o BGP com o uso de Router Reflectors}},
  howpublished = "\url{https://supportforums.cisco.com/t5/routing-switching-documentos/escalando-o-bgp-com-o-uso-de-router-reflectors/ta-p/3164370}",
  year = {2016},
  note = "[Online; accessed 04-July-2018]"
}
